@article{Sprenger,
    author       = {Dr. H. Sprenger},
    year         = {1969},
    title        = {Druckverluste in 90$^{\circ}$-Krümmern für Rechteckrohre},
    volume       = {87},
    number       = {13},
    journal      = {Schweizerische Bauzeitung},
    doi          = {http://doi.org/10.5169/seals-70631},
    language     = {deutsch}
}

@misc{Koeltzsch,
    author       = {Prof. Dr. Konrad Költzsch},
    year         = {2021},
    title        = {Formelsammlung Strömungsmechanik},
    volume       = {},
    number       = {},
    journal      = {},
    doi          = {},
    language     = {deutsch}
}

@misc{template,
    author       = {Merlin Knaeble},
    year         = {2020},
    title        = {Template for \LaTeX on overleaf},
    volume       = {},
    number       = {},
    journal      = {},
    howpublished          = {\url{https://www.overleaf.com/latex/templates/issd-thesis-template-iism-kit/jbjnwktscfdj}},
    note         = {Accessed 24.05.2022 11:00},
    language     = {deutsch}
}

@misc{ARP4754A,
    author       = {Alessandro Landi, Mark Nicholson},
    year         = {2011},
    title        = {ARP4754A/ ED-79A - Guidelines for Development of
                    Civil Aircraft and Systems - Enhancements,
                    Novelties and Key Topics},
    volume       = {},
    number       = {},
    journal      = {SAE, Aerospace Recommended Practice},
    doi          = {10.4271/2011-01-2564},
    language     = {English}
}

@misc{ARP4754,
    author       = {SAE},
    year         = {1996},
    title        = {ARP4754 - CERTIFICATION CONSIDERATIONS
                    FOR HIGHLY-INTEGRATED OR
                    COMPLEX AIRCRAFT SYSTEMS},
    volume       = {},
    number       = {},
    journal      = {SAE, Aerospace Recommended Practice},
    doi          = {},
    language     = {English}
}

@misc{ARP4761,
    author       = {SAE},
    year         = {1996},
    title        = {ARP4761 - GUIDELINES AND METHODS FOR CONDUCTING THE SAFETY                   ASSESSMENT
                    PROCESS ON CIVIL AIRBORNE SYSTEMS AND EQUIPMENT},
    volume       = {},
    number       = {},
    journal      = {SAE, Aerospace Recommended Practice},
    doi          = {},
    language     = {English}
}

@misc{CS-25,
    author       = {European Aviation Safety Agency EASA},
    year         = {2021},
    title        = {Certification Specifications and Acceptable Means of                         Compliance for Large Aeroplanes (CS-25)
                    Amendment 27},
    volume       = {},
    number       = {},
    journal      = {},
    doi          = {},
    language     = {English}
}